
@article{adams2013fourth,
  title={The fourth age of research},
  author={Adams, Jonathan},
  journal={Nature},
  volume={497},
  number={7451},
  pages={557--560},
  year={2013},
  publisher={Nature Publishing Group UK London}
}

@article{choi2015quantifying,
  title={Quantifying the Triple Helix relationship in scientific research: statistical analyses on the dividing pattern between developed and developing countries},
  author={Choi, Sujin and Yang, Joshua SungWoo and Park, Han Woo},
  journal={Quality \& Quantity},
  volume={49},
  pages={1381--1396},
  year={2015},
  publisher={Springer}
}

@article{wagner2015continuing,
  title={The continuing growth of global cooperation networks in research: A conundrum for national governments},
  author={Wagner, Caroline S and Park, Han Woo and Leydesdorff, Loet},
  journal={PloS one},
  volume={10},
  number={7},
  pages={e0131816},
  year={2015},
  publisher={Public Library of Science San Francisco, CA USA}
}
@article{besancenot2017co,
  title={Co-authorship and research productivity in economics: Assessing the assortative matching hypothesis},
  author={Besancenot, Damien and Huynh, Kim and Serranito, Francisco},
  journal={Economic Modelling},
  volume={66},
  pages={61--80},
  year={2017},
  publisher={Elsevier}
}
@article{biscaro2014co,
  title={Co-authorship and bibliographic coupling network effects on citations},
  author={Biscaro, Claudio and Giupponi, Carlo},
  journal={PloS one},
  volume={9},
  number={6},
  pages={e99502},
  year={2014},
  publisher={Public Library of Science San Francisco, USA}
}
@article{broadus1987toward,
  title={Toward a definition of “bibliometrics”},
  author={Broadus, Robert N},
  journal={Scientometrics},
  volume={12},
  pages={373--379},
  year={1987},
  publisher={Springer}
}
@article{cai2021international,
  title={International collaboration during the COVID-19 crisis: autumn 2020 developments},
  author={Cai, Xiaojing and Fry, Caroline V and Wagner, Caroline S},
  journal={Scientometrics},
  volume={126},
  number={4},
  pages={3683--3692},
  year={2021},
  publisher={Springer}
}
@article{cao2020returning,
  title={Returning scientists and the emergence of China’s science system},
  author={Cao, Cong and Baas, Jeroen and Wagner, Caroline S and Jonkers, Koen},
  journal={Science and Public Policy},
  volume={47},
  number={2},
  pages={172--183},
  year={2020},
  publisher={Oxford University Press}
}
@article{chinchilla2019follow,
  title={Follow the leader: On the relationship between leadership and scholarly impact in international collaborations},
  author={Chinchilla-Rodr{\'\i}guez, Zaida and Sugimoto, Cassidy R and Larivi{\`e}re, Vincent},
  journal={PloS one},
  volume={14},
  number={6},
  pages={e0218309},
  year={2019},
  publisher={Public Library of Science San Francisco, CA USA}
}
@article{franceschet2011collaboration,
  title={Collaboration in computer science: A network science approach},
  author={Franceschet, Massimo},
  journal={Journal of the American Society for Information Science and Technology},
  volume={62},
  number={10},
  pages={1992--2012},
  year={2011},
  publisher={Wiley Online Library}
}
@article{franceschet2010effect,
  title={The effect of scholar collaboration on impact and quality of academic papers},
  author={Franceschet, Massimo and Costantini, Antonio},
  journal={Journal of informetrics},
  volume={4},
  number={4},
  pages={540--553},
  year={2010},
  publisher={Elsevier}
}
@article{glanzel2001double,
  title={Double effort= double impact? A critical view at international co-authorship in chemistry},
  author={Gl{\"a}nzel, Wolfgang and Schubert, Andr{\'a}s},
  journal={Scientometrics},
  volume={50},
  number={2},
  pages={199--214},
  year={2001},
  publisher={Akad{\'e}miai Kiad{\'o}, co-published with Springer Science+ Business Media BV~…}
}
@article{harhoff2014channels,
  title={What are the channels for technology sourcing? Panel data evidence from German companies},
  author={Harhoff, Dietmar and Mueller, Elisabeth and Van Reenen, John},
  journal={Journal of Economics \& Management Strategy},
  volume={23},
  number={1},
  pages={204--224},
  year={2014},
  publisher={Wiley Online Library}
}
@article{kwiek2021globalization,
  title={The globalization of science: The increasing power of individual scientists},
  author={Kwiek, Marek},
  year={2021}
}
@book{lacey2021technological,
  title={Technological Decoupling: Can US Lose the Pre-Eminence Race to China?},
  author={Lacey, Simon},
  year={2021},
  publisher={Trends Research \& advisory}
}
@article{lancho2010lies,
  title={What lies behind the averages and significance of citation indicators in different disciplines?},
  author={Lancho-Barrantes, B{\'a}rbara S and Guerrero-Bote, Vicente P and Moya-Aneg{\'o}n, F{\'e}lix},
  journal={Journal of Information Science},
  volume={36},
  number={3},
  pages={371--382},
  year={2010},
  publisher={Sage Publications Sage UK: London, England}
}
@article{lariviere2013bibliometrics,
  title={Bibliometrics: Global gender disparities in science},
  author={Larivi{\`e}re, Vincent and Ni, Chaoqun and Gingras, Yves and Cronin, Blaise and Sugimoto, Cassidy R},
  journal={Nature},
  volume={504},
  number={7479},
  pages={211--213},
  year={2013},
  publisher={Nature Publishing Group UK London}
}
@article{lee2020winners,
  title={Winners and losers in US-China scientific research collaborations},
  author={Lee, Jenny J and Haupt, John P},
  journal={Higher Education},
  volume={80},
  pages={57--74},
  year={2020},
  publisher={Springer}
}
@article{levitt2010does,
  title={Does the higher citation of collaborative research differ from region to region? A case study of economics},
  author={Levitt, Jonathan and Thelwall, Mike},
  journal={Scientometrics},
  volume={85},
  number={1},
  pages={171--183},
  year={2010},
  publisher={Akad{\'e}miai Kiad{\'o}, co-published with Springer Science+ Business Media BV~…}
}
@article{lewis2021time,
  title={Time to end the US Justice Department’s China Initiative},
  author={Lewis, M},
  journal={Foreign Affairs Newsletter, July},
  volume={22},
  pages={2021},
  year={2021}
}
@article{leydesdorff2014european,
  title={The European Union, China, and the United States in the top-1 and top-10 layers of most-frequently cited publications: Competition and collaborations},
  author={Leydesdorff, Loet and Wagner, Caroline S and Bornmann, Lutz},
  journal={Journal of Informetrics},
  volume={8},
  number={3},
  pages={606--617},
  year={2014},
  publisher={Elsevier}
}
@article{li2014beyond,
  title={Beyond competition: Past, present and future on EU-China science and technology collaboration},
  author={Li, Albert CT and Chang, Ching Chun},
  journal={European Foreign Affairs Review},
  volume={19},
  number={Special},
  year={2014}
}
@article{burke2022state,
  title={The State of US Science \& Engineering 2022. National Science Board Science \& Engineering Indicators. NSB-2022-1.},
  author={Burke, Amy and Okrent, Abigail and Hale, Katherine and Gough, Nancy},
  journal={National Science Foundation},
  year={2022},
  publisher={ERIC}
}
@article{newman2004coauthorship,
  title={Coauthorship networks and patterns of scientific collaboration},
  author={Newman, Mark EJ},
  journal={Proceedings of the national academy of sciences},
  volume={101},
  number={suppl\_1},
  pages={5200--5205},
  year={2004},
  publisher={National Acad Sciences}
}
@article{priem2022openalex,
  title={OpenAlex: A fully-open index of scholarly works, authors, venues, institutions, and concepts},
  author={Priem, Jason and Piwowar, Heather and Orr, Richard},
  journal={arXiv preprint arXiv:2205.01833},
  year={2022}
}
@article{puuska2014international,
  title={International and domestic co-publishing and their citation impact in different disciplines},
  author={Puuska, Hanna-Mari and Muhonen, Reetta and Leino, Yrj{\"o}},
  journal={Scientometrics},
  volume={98},
  pages={823--839},
  year={2014},
  publisher={Springer}
}
@article{ronda2022immediacy,
  title={Is the immediacy index of co-authored papers higher than that of single-authored ones?},
  author={Ronda-Pupo, Guillermo Armando},
  journal={Transinforma{\c{c}}{\~a}o},
  volume={34},
  year={2022},
  publisher={SciELO Brasil}
}
@article{schuller2020united,
  title={United States-China Decoupling: Time for European Tech Sovereignty},
  author={Sch{\"u}ller, Margot and Sch{\"u}ler-Zhou, Yun},
  year={2020},
  publisher={DEU}
}
@article{silver2020us,
  title={US crackdown harms chinese collaborations},
  author={Silver, Andrew and van Noorden, Richard and Subbaraman, Nidhi},
  journal={Nature},
  volume={583},
  number={7816},
  pages={341--342},
  year={2020},
  publisher={Macmillan Publishers Ltd., London, England}
}
@article{tang2011china,
  title={China--US scientific collaboration in nanotechnology: patterns and dynamics},
  author={Tang, Li and Shapira, Philip},
  journal={Scientometrics},
  volume={88},
  number={1},
  pages={1--16},
  year={2011},
  publisher={Akad{\'e}miai Kiad{\'o}, co-published with Springer Science+ Business Media BV~…}
}
@article{ullah2020eu,
  title={EU Trade Policy Amid US-China Trade Confrontation},
  author={Ullah, Asad and Aria, Asadullah and Akhter, Muhammad Nauman},
  journal={Journal of Social and Political Sciences},
  volume={3},
  number={1},
  year={2020}
}
@article{wagner2022changes,
  title={Changes in co-publication patterns among China, the European Union (28) and the United States of America, 2016-2021},
  author={Wagner, Caroline S and Cai, Xiaojing},
  journal={arXiv preprint arXiv:2202.00453},
  year={2022}
}
@article{wagner2022drop,
  title={DROP IN CHINA-USA INTERNATIONAL COLLABORATION},
  author={WAGNER, CAROLINE S and CAI, XIAOJING},
  journal={NEWS \&},
  volume={15},
  number={2},
  year={2022}
}
@article{wagner2015recent,
  title={Recent developments in China--US cooperation in science},
  author={Wagner, Caroline S and Bornmann, Lutz and Leydesdorff, Loet},
  journal={Minerva},
  volume={53},
  pages={199--214},
  year={2015},
  publisher={Springer}
}
@article{wagner2017growth,
  title={Growth of international collaboration in science: revisiting six specialties},
  author={Wagner, Caroline S and Whetsell, Travis A and Leydesdorff, Loet},
  journal={Scientometrics},
  volume={110},
  pages={1633--1652},
  year={2017},
  publisher={Springer}
}
@article{wang2017network,
  title={Network structure of scientific collaborations between China and the EU member states},
  author={Wang, Lili and Wang, Xianwen and Philipsen, Niels J},
  journal={Scientometrics},
  volume={113},
  pages={765--781},
  year={2017},
  publisher={Springer}
}
@article{yuan2018international,
  title={Who are the international research collaboration partners for China? A novel data perspective based on NSFC grants},
  author={Yuan, Lili and Hao, Yanni and Li, Minglu and Bao, Chunbing and Li, Jianping and Wu, Dengsheng},
  journal={Scientometrics},
  volume={116},
  pages={401--422},
  year={2018},
  publisher={Springer}
}
@article{zhang2018china,
  title={China’s emerging centrality in the contemporary international scientific collaboration network},
  author={Zhang, Zhihui and Rollins, Jason E and Lipitakis, Evangelia},
  journal={Scientometrics},
  volume={116},
  number={2},
  pages={1075--1091},
  year={2018},
  publisher={Springer}
}
@article{zhao2022one,
  title={One Venue, Two Conferences: The Separation of Chinese and American Citation Networks},
  author={Zhao, Bingchen and Gu, Yuling and Forde, Jessica Zosa and Saphra, Naomi},
  journal={arXiv preprint arXiv:2211.12424},
  year={2022}
}
@article{zhao2019technology,
  title={Technology as a Battleground: US Demands, China’s Responses},
  author={Zhao, Litao and Yin, Xiangru},
  journal={East Asian Policy},
  volume={11},
  number={02},
  pages={24--33},
  year={2019},
  publisher={World Scientific}
}
@article{shen2021correlation,
  title={The correlation between scientific collaboration and citation count at the paper level: a meta-analysis},
  author={Shen, Hongquan and Xie, Juan and Li, Jiang and Cheng, Ying},
  journal={Scientometrics},
  volume={126},
  number={4},
  pages={3443--3470},
  year={2021},
  publisher={Springer}
}